@book {de4,
    AUTHOR = {Eisenbud, David and Harris, Joe},
     TITLE = {The practice of algebraic curves---a second course in
              algebraic geometry},
    SERIES = {Graduate Studies in Mathematics},
    VOLUME = {250},
 PUBLISHER = {American Mathematical Society, Providence, RI},
      YEAR = {2024},
     PAGES = {xv+413},
      ISBN = {978-1-4704-7637-3; 978-1-4704-7943-5; 978-1-4704-7944-2},
   MRCLASS = {14Hxx (14-01 14-02)},
  MRNUMBER = {4898511},
}
@book {de5,
    AUTHOR = {Eisenbud, David and Gray, Jeremy},
     TITLE = {F. S. Macaulay: from plane geometry to modern commutative algebra},
      other={submitted},
}
@misc{de0,
      title={Ideals and their Fitting ideals}, 
      author={David Eisenbud and Antonino Ficarra and Jürgen Herzog and Somayeh Moradi},
      year={2023},
      eprint={2401.00541},
      archivePrefix={arXiv},
      primaryClass={math.AC},
      url={https://arxiv.org/abs/2401.00541}, 
}

@article{de0a,
   title={Hyperelliptic curves and Ulrich sheaves on the complete intersection of two quadrics},
   volume={Special volume in honour of...},
   ISSN={2491-6765},
   url={http://dx.doi.org/10.46298/epiga.2025.10488},
   DOI={10.46298/epiga.2025.10488},
   journal={Épijournal de Géométrie Algébrique},
   publisher={Centre pour la Communication Scientifique Directe (CCSD)},
   author={Eisenbud, David and Schreyer, Frank-Olaf},
   year={2025},
   month=mar }
   
   @misc{de1,
      title={Syzygies of the residue field over Golod rings}, 
      author={Doan Trung Cuong and Hailong Dao and David Eisenbud and Toshinori Kobayashi and Claudia Polini and Bernd Ulrich},
      year={2025},
      eprint={2408.13425},
      archivePrefix={arXiv},
      primaryClass={math.AC},
      url={https://arxiv.org/abs/2408.13425}, 
}
  @misc{de2,
      title={Socle Summands}, 
      author={Hailong Dao and David Eisenbud},
      year={2025},
    
}
 @misc{de3,
      title={A criterion for a ring to be Golod}, 
      author={Jessica Craven and Hailong Dao and David Eisenbud and Sergei Gukov and Paul Orland and Bernd Ulrich},
      year={2025},
}



